@inproceedings{Adams_Latulipe_2013, title={Survey of Audio Programming Tools}, volume={CHI EA ’13}, url={https://dl.acm.org/doi/10.1145/2468356.2468495}, DOI={10.1145/2468356.2468495}, publisher={Association for Computing Machinery}, author={Adams, Alexander T. and Latulipe, Celine}, year={2013}, pages={781–786} }

@book{Fleming_1919, title={The Thermionic Valve and Its Developments in Radio-telegraphy and Telephony}, note={Google-Books-ID: ZBtDAAAAIAAJ}, publisher={Wireless Press, Limited}, author={Fleming, Sir John Ambrose}, year={1919}}

@book{Gabrielli_2020, title={Developing Virtual Synthesizers with VCV Rack}, ISBN={978-0-367-07773-0}, url={https://learning.oreilly.com/library/view/developing-virtual-synthesizers/9780429663321/}, publisher={Routledge}, author={Gabrielli, Leonardo}, year={2020} }

@book{Gold_Morgan_Ellis_2011, edition={2}, title={Speech and Audio Signal Processing}, ISBN={978-0-470-19536-9}, url={https://learning.oreilly.com/library/view/speech-and-audio/9780470195369/}, publisher={Wiley}, author={Gold, Bernard and Morgan, Nelson and Ellis, Dan}, year={2011} }

@inproceedings{Hoffman_Cook_2007, title={Real-time feature-based Synthesis for Live Musical Performance}, url={https://dl.acm.org/doi/pdf/10.1145/1279740.1279807}, DOI={10.1145/1279740.1279807}, publisher={New Interfaces for Musical Expression}, author={Hoffman, Matt and Cook, Perry R.}, year={2007} }

@article{Hsu_Sosnick-Pérez_2013, title={Real-time GPU Audio}, volume={56}, url={https://dl.acm.org/doi/10.1145/2461256.2461272}, DOI={10.1145/2461256.2461272}, number={6}, journal={Communications of the ACM}, author={Hsu, Bill and Sosnick-Pérez, Marc}, year={2013}, pages={54–62} }

@misc{Jones_2020, title={Supercollider: Interact with the SuperCollider Audio Synthesis Engine}, url={https://pypi.org/project/supercollider/}, journal={PyPI}, author={Jones, Daniel}, year={2020} }

@article{McCartney_2002, title={Rethinking the Computer Music Language: SuperCollider}, volume={26}, ISSN={01489267}, url={https://doi.org/10.1162/014892602320991383}, DOI={10.1162/014892602320991383}, number={4}, journal={Computer Music Journal}, author={McCartney, James}, year={2002}, pages={61–68} }

@book{Norman_2013, title={The Design of Everyday Things}, ISBN={978-0-465-05065-9}, publisher={Basic Books}, author={Norman, Donald A}, year={2013} }

@inbook{Pinch_Trocco_2002, title={Hard-Wired—the Minimoog}, ISBN={978-0-674-00889-2}, url={https://www.jstor.org/stable/j.ctvk12r1n.16}, DOI={10.2307/j.ctvk12r1n.16}, abstractNote={The Minimoog was the first synthesizer ever to become a “classic.” Over 12,000 were made, and it was in continuous production for thirteen years. The instrument’s portability, ease of use, and relatively stable oscillators made it ideal for live performance. But it also retained some of the instability and rich peculiarities of the analog world that contributed to its fabled sound. In its handsome walnut case and with its unique flip-up design, it became an instrument you could become fond of, an instrument that you could at last really play.  The Minimoog was also the first synthesizer to be sold}, booktitle={Analog Days}, publisher={Harvard University Press}, author={Pinch, Trevor and Trocco, Frank}, year={2002}, pages={214–236} }

@book{Pinch_Trocco_2004, title={Analog Days: the Invention and Impact of the Moog Synthesizer}, ISBN={978-0-674-01617-0}, publisher={Harvard University Press}, author={Pinch, Trevor and Trocco, Frank}, year={2004} }

@article{Romano_2003, title={An Intro to MIDI.}, volume={4}, ISSN={15263681}, url={https://search.ebscohost.com/login.aspx?direct=true&db=iih&AN=8586092&site=ehost-live}, abstractNote={Provides an overview of the basics of Musical Instrument Digital Interface (MIDI).  Uses of MIDI; Development of MIDI to control sound from a remote location; Misconception about MIDI.  INSETS: Important MIDI Messages;MIDI VENDORS;SOFTWARE.}, number={1}, journal={Poptronics}, publisher={Poptronix Incorporated}, author={Romano, Will}, year={2003}, month={Jan}, pages={24} }

@book{Winer_2018, edition={2}, title={The Audio Expert: Everything You Need to Know about Audio}, ISBN={978-0-415-78883-0}, url={https://learning.oreilly.com/library/view/the-audio-expert/9780240821009/}, publisher={Routledge}, author={Winer, Ethan}, year={2018} }

@book{Zjalic_2021, title={Digital Audio Forensics Fundamentals: from Capture to Courtroom}, ISBN={978-0-367-25912-9}, url={https://learning.oreilly.com/library/view/digital-audio-forensics/9781000205718}, publisher={Routledge}, author={Zjalic, James}, year={2021} }

@book{Wilson_Cottle_Collins_2016, place={Brighton}, title={The SuperCollider Book}, ISBN={978-0-262-23269-2}, url={https://thormagnusson.gitbooks.io/scoring/content/index.html}, year={2016} }

@misc{Suits_1998, title={Frequencies of Musical Notes, A4 = 440 Hz}, url={https://pages.mtu.edu/~suits/notefreqs.html}, journal={Physics of Music - Notes}, author={Suits, B.H.}, year={1998} }

@misc{McCartney_2021, title={SuperCollider 3.12.0 Help}, url={https://doc.sccode.org/Help.html}, journal={SuperCollider}, author={McCartney, James}, year={2021}, month={5} }

@book{Tarr_2019, title={Hack Audio}, ISBN={978-1-351-01844-9}, url={https://learning.oreilly.com/library/view/hack-audio/9781351018449/}, abstractNote={Computers are at the center of almost everything related to audio. Whether for synthesis in music production, recording in the studio, or mixing in live sound, the computer plays an essential...}, publisher={Taylor & Francis Group}, author={Tarr, Eric}, year={2019} }

 @book{Kirk_Hunt_2013, edition={2}, title={Digital Sound Processing for Music and Multimedia}, ISBN={978-0-240-51506-9}, url={https://learning.oreilly.com/library/view/digital-sound-processing/9780240515069/}, abstractNote={Provides an introduction to the nature, synthesis and transformation of sound which forms the basis of digital sound processing for music and multimedia. Background information in computer...}, author={Kirk, Ross and Hunt, Andy}, year={2013} }

 @book{McGuire_2014, place={Burlington, MA}, title={Modern MIDI}, ISBN={978-0-415-83927-3}, url={https://learning.oreilly.com/library/view/modern-midi/9780415839273/xhtml/Ch010.xhtml}, publisher={Taylor & Francis Group}, author={McGuire, Sam}, year={2014} }
