%% This BibTeX bibliography file was created using BibDesk.
%% http://www.cs.ucsd.edu/~mmccrack/bibdesk.html
%% Created for Jon Breitenbucher at 2005-09-15 16:48:40 -0400 
%% Saved with string encoding UTF-8 
@article{ophs03,
	Annote = {This is a very good introduction to \LaTeX},
	Author = {Tobias Oetiker and Hurbert Partl and Irene Hyna and Elisabeth Schlegl},
	Title = {The {N}ot {S}o {S}hort {I}ntroduction to {\LaTeX2e{}}},
	Url = {http://www.ctan.org/tex-archive/info/lshort/english/lshort.pdf},
	Year = 2003}

@article{feu02,
	Author = {Thomas Feuerstack},
	Journal = {TUGboat},
	Number = {3/4},
	Pages = {329--334},
	Title = {Introduction to pdf{\TeX{}}},
	Url = {http://www.tug.org/TUGboat/Articles/tb23-3-4/tb75feu.pdf},
	Volume = {23},
	Year = 2002}

@article{fly03,
	Author = {Peter Flynn},
	Journal = {TUGboat},
	Number = {2},
	Pages = {115--237},
	Title = {Formatting {I}nformation},
	Url = {http://www.tug.org/tex-archive/info/beginlatex/beginlatex.letter.pdf},
	Volume = {23},
	Year = 2003}

@book{gra96,
	Author = {George Gr\"atzer},
	Location = {Boston},
	Publisher = {Birkh\"auser},
	Title = {Math into \LaTeX},
	Url = {http://www.tug.org/tex-archive/info/mil/mil.pdf},
	Year = 1996}

@book{kd03,
	Address = {New York},
	Author = {Helmut Kopka and Patrick W. Daly},
	Edition = {4th},
	Publisher = {Pearson Education},
	Title = {Guide to \LaTeX},
	Year = 2003}

@book{mgbcr04,
	Address = {New York},
	Author = {Frank Mittelbach and Michel Goossens and Johannes Braams and David Carlisle and Chris Rowley},
	Edition = {2nd},
	Publisher = {Addison Wesley Professional},
	Title = {The \LaTeX\ Companion},
	Year = 2004}

@misc{brei04,
	Author = {Jon Breitenbucher},
	Date-Modified = {2021-09-15 15:40:08 -0400},
	Howpublished = {World Wide Web},
	Note = {Accessed on 09/27/2021},
	Title = {{W}ooster related {L}a{T}e{X} files},
	Url = {http://woolatex.spaces.wooster.edu},
	Year = 2021}

@misc{kon04,
	Author = {Stasinos Konstantopoulos},
	Howpublished = {World Wide Web},
	Note = {Accessed on 03/11/2004},
	Title = {BibTeX Entries},
	Url = {http://odur.let.rug.nl/~konstant/Ac/publications.html},
	Year = 2004}

@techreport{GAR86,
	Author = {J. Garcia},
	Institution = {U.S. Patent and Trademark Office},
	Optaddress = {Washington D.C.},
	Optkey = {Patent Number 4,621,334},
	Title = {Personal Identification Apparatus},
	Year = {1986}}

@book{SIN99,
	Address = {New York},
	Author = {Simon Singh},
	Publisher = {Anchor Books},
	Title = {The Code Book},
	Year = 1999}

@book{TRA02,
	Address = {Upper Saddle River, NJ},
	Author = {Wade Trappe and Lawrence  C. Washington},
	Publisher = {Prentice Hall},
	Title = {Introduction to Cryptography with Coding Theory},
	Year = 2002}

@book{SIM96,
	Author = {Fred Simmonds},
	Publisher = {McGraw-Hill},
	Title = {Network Security: Data and Voice Communications},
	Year = 1996}